<?xml version="1.0" encoding="UTF-8"?><collection xmlns="http://www.loc.gov/MARC21/slim"><record><leader>00385nam--2200133-i-4500</leader><controlfield tag="001">000010812</controlfield><controlfield tag="002">20161230</controlfield><controlfield tag="005">20161230201029</controlfield><controlfield tag="008">060222s1000------------r-----000-0-eng-d</controlfield><datafield ind1=" " ind2=" " tag="100"><subfield code="a">Cotton, Albert F.And Wilkinson, Geoffrey</subfield></datafield><datafield ind1=" " ind2=" " tag="245"><subfield code="a">Advances inorganic chemistry. a comprehensive text. third edition</subfield></datafield><datafield ind1=" " ind2=" " tag="260"><subfield code="a">New York, Interscience Publ., 1972</subfield></datafield><datafield ind1=" " ind2=" " tag="490"><subfield code="a">Xxi+1145p</subfield></datafield><datafield ind1=" " ind2=" " tag="852"><subfield code="a">546</subfield></datafield></record></collection>